@misc{racketwebsite,
    author    = "PLT Inc",
    title     = "Racket -- A programmable programming language",
    url       = "https://racket-lang.org/"
}

@book{sipserbook,
 author = {Sipser, Michael},
 title = {Introduction to the Theory of Computation},
 year = {1996},
 isbn = {053494728X},
 edition = {3rd},
 publisher = {International Thomson Publishing},
} 
